<record><leader>00000cas a22000007a 4500</leader><controlfield tag="001">34107484</controlfield><controlfield tag="008">960130c19959999caudr ne      0    0eng d</controlfield><datafield ind1=" " ind2=" " tag="010"><subfield code="a">sn 95062265 </subfield></datafield><datafield ind1=" " ind2=" " tag="040"><subfield code="a">CNK</subfield><subfield code="b">eng</subfield><subfield code="c">CNK</subfield><subfield code="d">OCLCQ</subfield><subfield code="d">OCLCF</subfield><subfield code="d">OCLCO</subfield></datafield><datafield ind1="1" ind2=" " tag="029"><subfield code="a">AU@</subfield><subfield code="b">000025876123</subfield></datafield><datafield ind1=" " ind2=" " tag="042"><subfield code="a">msc</subfield></datafield><datafield ind1=" " ind2=" " tag="043"><subfield code="a">n-us-ca</subfield></datafield><datafield ind1="0" ind2=" " tag="130"><subfield code="a">Times-herald (Vallejo, Calif. : 1995)</subfield></datafield><datafield ind1="1" ind2="0" tag="245"><subfield code="a">Times-herald.</subfield></datafield><datafield ind1="1" ind2="3" tag="246"><subfield code="a">Vallejo times-herald</subfield></datafield><datafield ind1=" " ind2=" " tag="260"><subfield code="a">Vallejo, Calif. :</subfield><subfield code="b">Vallejo Times-Herald</subfield></datafield><datafield ind1=" " ind2=" " tag="300"><subfield code="a">v.</subfield></datafield><datafield ind1=" " ind2=" " tag="310"><subfield code="a">Daily</subfield></datafield><datafield ind1="0" ind2=" " tag="362"><subfield code="a">117th year, no. 32 (Feb. 1, 1995)-</subfield></datafield><datafield ind1=" " ind2=" " tag="530"><subfield code="a">Also issued on the internet, called: Times-Herald online.</subfield></datafield><datafield ind1=" " ind2="0" tag="651"><subfield code="a">Vallejo (Calif.)</subfield><subfield code="v">Newspapers.</subfield></datafield><datafield ind1=" " ind2="7" tag="655"><subfield code="a">Newspapers.</subfield><subfield code="2">fast</subfield><subfield code="0">(OCoLC)fst01423814</subfield></datafield><datafield ind1=" " ind2="7" tag="651"><subfield code="a">California</subfield><subfield code="z">Vallejo.</subfield><subfield code="2">fast</subfield><subfield code="0">(OCoLC)fst01206764</subfield></datafield><datafield ind1="0" ind2=" " tag="740"><subfield code="a">Times-herald online.</subfield></datafield><datafield ind1=" " ind2=" " tag="752"><subfield code="a">United States</subfield><subfield code="b">California</subfield><subfield code="c">Solano</subfield><subfield code="d">Vallejo.</subfield></datafield><datafield ind1="0" ind2="0" tag="780"><subfield code="t">Vallejo times-herald (Vallejo, Calif. : 1985)</subfield><subfield code="w">(DLC)sn 93051531</subfield></datafield><datafield ind1="4" ind2=" " tag="856"><subfield code="z">Online version:</subfield><subfield code="u">http://www.timesheraldonline.com/</subfield></datafield></record>